<?xml version="1.0" encoding="UTF-8"?><collection xmlns="http://www.loc.gov/MARC21/slim"><record><leader>00519nam--2200181-i-4500</leader><controlfield tag="001">000044523</controlfield><controlfield tag="002">20161230</controlfield><controlfield tag="005">20161230201044</controlfield><controlfield tag="008">060222s1000------------r-----000-0-eng-d</controlfield><datafield ind1=" " ind2=" " tag="040"><subfield code="a">IFIN-HH</subfield></datafield><datafield ind1=" " ind2=" " tag="080"><subfield code="a">536.2</subfield></datafield><datafield ind1="1" ind2=" " tag="100"><subfield code="a">Gosman, A.D</subfield></datafield><datafield ind1="1" ind2="0" tag="245"><subfield code="a">Heat and mass transfer in recirculating flows</subfield><subfield code="c">A.d. gosman; w.m. pun; a.k. runchal; d.b. spalding; m. wolfshtein</subfield></datafield><datafield ind1=" " ind2=" " tag="260"><subfield code="a">London</subfield><subfield code="b">Academic Press</subfield><subfield code="c">1969</subfield></datafield><datafield ind1=" " ind2=" " tag="300"><subfield code="a">XVIII+422P</subfield></datafield><datafield ind1="1" ind2=" " tag="700"><subfield code="a">Wolfshtein, M</subfield></datafield><datafield ind1=" " ind2=" " tag="852"><subfield code="a">32802</subfield><subfield code="c">536</subfield></datafield><datafield ind1=" " ind2=" " tag="CAT"><subfield code="a">Sys</subfield><subfield code="c">20110509</subfield><subfield code="h">085606</subfield></datafield></record></collection>